@misc{redditMap,
      title={Paris City Map Travel Time}, 
      author={gmilloue},
        month  = "Accessed Jan. 20, 2022.",
        year={[Online]},
       url = "\url{https://www.reddit.com/r/dataisbeautiful/comments/q7weml/oc_minimum_travel_time_from_paris_by_train_bike/hglcwjo/}"
}

@misc{googleMaps,
  author        = "Google",
  title         = "Google Maps",
  month         = "Accessed Jan. 25, 2022.",
  year          = "[Online]",
  url           = "\url{https://www.google.com/maps}"
}

@misc{googleMapsDirectionsAPI,
  author        = "Google",
  title         = "Google Maps Directions API",
  month         = "Accessed Jan. 25, 2022.",
  year          = "[Online]",
  url           = "\url{https://developers.google.com/maps/documentation/directions/overview}"
}

@misc{googleMapsElevationAPI,
  author        = "Google",
  title         = "Google Maps Elevation API",
  month         = "Accessed Jan. 25, 2022.",
  year          = "[Online]",
  url           = "\url{https://developers.google.com/maps/documentation/elevation/overview}"
}

@inproceedings{bic,
    author  = "Gerike, Regine",
    title   = "Ergebnisdarstellung zum 11. Erhebungsdurchgang Mobilität in Städten SrV 2018",
    publisher = "TU Dresden",
    year    = 2018, 
    url = "https://tu-dresden.de/bu/verkehr/ivs/srv/ressourcen/dateien/SrV2018_Ergebnispraesentation.pdf?lang=en"
    
}